% References dsmts paper
%$Revision$
%$LastChangedDate$
%$Author$





@BOOK{Cox65,
    author              = { Cox, D. R. and Miller, H. D. },
    title               = { The Theory of Stochastic Processes },
    year                = 1965,
    publisher           = { London: Methuen }
}

@Article{GibsBruc00,
  author =       {M. A. Gibson and J. Bruck},
  title =        {Efficient exact stochastic
simulation of chemical systems with many species and many
channels},
  journal =      {Journal of Physical Chemistry A},
  year =         2000,
  volume =       104,
  number =       9,
  pages =        {1876--1889}
}

@article{Gillespie77,
   author    = {Gillespie, D. T.},
   title     = {Exact stochastic simulation of coupled chemical reactions},
   journal   = {Journal of Physical Chemistry},
   year      = {1977},
   volume    = {81},
   pages = {2340--2361}
}

@Article{Gillespie03,
  author = {D. T. Gillespie and L. R. Petzold},
  title = {Improved leap-size selection for accelerated stochastic
     simulation},
  journal = {J. Chem. Phys.},
  volume = {119},
  pages = {8229--8234},
  year = {2003}
}

@Article{Gillespie05,
  author = {C. S. Gillespie and E. Renshaw},
  title = {The evolution of a batch-immigration death process subject
     to counts},
  journal = {Proc. R. Soc. {A}},
  volume = {461},
  pages = {1563--1581},
  year = {2005},
}


@article{Gillespie06,
   author    = {Gillespie, C. S. and Shanley, D. P. and Wilkinson, D. J. and Boys, R. J. and Proctor, C. J. and Kirkwood, T. B. L.},
   title     = {Tools for the {SBML} community},
   journal   = {Bioinformatics},
   year      = {2006},
   volume    = {22},
   pages = {628--629}
}

@Article{Hoops06,
  author = {S. Hoops and S. Sahle and R. Gauges and C. Lee and J. Pahle
     and N. Simus and M. Singhal and L. Xu and P. Mendes and U. Kummer},
  title = {{COPASI} --- A {COmplex} {PAthway} {SImulator}},
  journal = {Bioinformatics},
  volume = {22},
  pages = {3067--3074},
  year = {2006},
}
@article{Hucka02,
    author = {Hucka, M. and Finney, A. and Sauro, H. M. and Bolouri, H. and Doyle, J. and Kitano, H.},
    journal = {Pac. Symp. Biocomput.},
    year = 2002,
    pages = {450--461},
    title = {The {ERATO} Systems Biology Workbench: enabling interaction and exchange between software tools for computational biology},

}

@article{Hucka03,
	author = {Hucka, M.  and Finney, A.  and Sauro, H. M.  and Bolouri, H.  and Doyle, J. C.  and Kitano, H.  and Arkin, A. P.  and Bornstein, B. J.  and Bray, D.  and Cornish-Bowden, A.  and Cuellar, A. A.  and Dronov, S.  and Gilles, E. D.  and Ginkel, M.  and Gor, V.  and Goryanin, I. I.  and Hedley, W. J.  and Hodgman, T. C.  and Hofmeyr, J. H.  and Hunter, P. J.  and Juty, N. S.  and Kasberger, J. L.  and Kremling, A.  and Kummer, U.  and Le Nov\'ere, N.  and Loew, L. M.  and Lucio, D.  and Mendes, P.  and Minch, E.  and Mjolsness, E. D.  and Nakayama, Y.  and Nelson, M. R.  and Nielsen, P. F.  and Sakurada, T.  and Schaff, J. C.  and Shapiro, B. E.  and Shimizu, T. S.  and Spence, H. D.  and Stelling, J.  and Takahashi, K.  and Tomita, M.  and Wagner, J.  and Wang, J.  and },
	journal = {Bioinformatics},
	pages = {524--531},
	title = {The systems biology markup language ({SBML}): a medium for representation and exchange of biochemical network models.},
	volume = {19},
	year = {2003}
}

@article{Kirkwood03,
   author    = {Kirkwood, T. B. L. and Boys, R. J. and Gillespie, C. S. and Proctor, C. J. and Shanley, D.P. and Wilkinson, D. J.},
   title     = {Towards an e-biology of ageing: integrating theory and data},
   journal   = {Nature Reviews Molecular Cell Biology},
   year      = {2003},
   volume    = {4},
   pages = {243--249}
}
@Article{Kiehl04,
  author = {T. R. Kiehl and R. M. Mattheyses and M. K. Simmons},
  title = {Hybrid simulation of cellular behavior},
  journal = {Bioinformatics},
  volume = {20},
  pages = {316--322},
  year = {2004},
}
@Article{Puchalka04,
  author = {J. Puchalka and A. M. Kierzek},
  title = {Bridging the gap between stochastic and deterministic
     regimes in the kinetic simulations of the biochemical reaction
     networks},
  journal = {Biophys. J.},
  volume = {86},
  pages = {1357--1372},
  year = {2004},
}

@article{Vallabhajosyula07, 
    author = {Vallabhajosyula, R. R. and Sauro, H. M.},
    title = {Stochastic Simulation {GUI} for Biochemical Networks},
    journal = {Bioinformatics},
    year = 2007,
    volume = 23,
    pages = {1859--1861},
}

@book{Wilkinson06,
	author = {Wilkinson, D. J.},
	title = {Stochastic Modelling for Systems Biology},
	publisher = {Chapman \& Hall/CRC Press},
	year = {2006}
}
	

